<?xml version="1.0" encoding="UTF-8"?><collection xmlns="http://www.loc.gov/MARC21/slim"><record><leader>00473nam--2200181-i-4500</leader><controlfield tag="001">000027209</controlfield><controlfield tag="002">20161230</controlfield><controlfield tag="005">20170107004208</controlfield><controlfield tag="008">060222s1000------------r-----000-0-eng-d</controlfield><datafield ind1=" " ind2=" " tag="040"><subfield code="a">IFIN-HH</subfield></datafield><datafield ind1=" " ind2=" " tag="080"><subfield code="a">539.2:539.373</subfield></datafield><datafield ind1="1" ind2=" " tag="100"><subfield code="a">Kov©Łcs, I</subfield></datafield><datafield ind1="1" ind2="0" tag="245"><subfield code="a">Dislocations and plastic deformation</subfield><subfield code="c">I. Kov©Łcs, L. Zsoldos</subfield></datafield><datafield ind1=" " ind2=" " tag="260"><subfield code="a">Budapest</subfield><subfield code="b">Akad©♭miai Kiad©đ</subfield><subfield code="c">1973</subfield></datafield><datafield ind1=" " ind2=" " tag="300"><subfield code="a">342 p</subfield></datafield><datafield ind1="1" ind2=" " tag="700"><subfield code="a">Zsoldos, L</subfield></datafield><datafield ind1=" " ind2=" " tag="852"><subfield code="a">42625</subfield><subfield code="c">539.2</subfield></datafield><datafield ind1=" " ind2=" " tag="CAT"><subfield code="a">SYS</subfield><subfield code="c">20170107</subfield><subfield code="h">004208</subfield></datafield></record></collection>